@book{Niemann2007KVM,
    author  = {Heinrich Niemann},
    title   = {Klassifikation von Mustern},
    year    = {2007}
}

%@book{<citation key>,
%    author  = {},
%    title   = {},
%    year    = {}
%}
%
%@article{<citation key>,
%    author       = {},
%    title        = {},
%    journaltitle = {},
%    year         = {}
%}
%
%@online{<citation key>,
%    author = {},		
%    title  = {},
%    year   = {},
%    url    = {}
%}
